@article{prosody,
author = {Tuuri, Kai and Eerola, Tuomas and Pirhonen, Antti},
year = {2011},
month = {10},
pages = {741-757},
title = {Design and evaluation of prosody-based non-speech audio feedback for physical training application},
volume = {69},
journal = {Int. J. Hum.-Comput. Stud.},
doi = {10.1016/j.ijhcs.2011.06.004}
}


@inbook{couch,
author = {Barrass, Stephen},
year = {2013},
month = {01},
pages = {235},
title = {ZiZi: The Affectionate Couch and the Interactive Affect Design Diagram}
}

@online{plantGrowing, author = {Archive of Digital Art (ADA)}, title = {(collective) Sommerer / Mignonneau - Interactive Plant Growing}, url = {https://www.digitalartarchive.at/database/general/work/interactive-plant-growing.html}, urldate = {retrieved 2009-22-07} 
}

@inproceedings{
positiveInteraction,
  title={Positive Interaktionen (Facilitation) bei alpinen Pflanzen am Beispiel von Persicaria vivipara},
  author={K. Bardy and A. Hilpold and Heidrun Hoch Wallner and {\"O}rjan Klappert and Gerald M. Sciineewf},
  year={2003}
}



@misc{
github,
  title={Github Project Page - Moody Plant},
  author={Michael Reiter},
  year={2020},
  howpublished = {\url{https://github.com/MichaelReiter94/moody_plant}}
}



@misc{
youtubeDemo,
  title={Demonstration Moody Plant},
  author={Br\"uhwiler, Hanna and Elisabeth, Hacker and Reiter, Michael},
  year={2020},
  howpublished = {\url{https://youtu.be/XCdq42ndqhA}}
}

@misc{
liveStream,
  title={Union Reflection Assembly Exhibition},
  author={FH-JOANNEUM},
  year={2020},
  howpublished = {\url{https://youtu.be/41XAWAYg7HE?t=3298}}
}
